@article{article,
author = {Briese, Volker and Voigt, Manfred and Wisser, Josef and Borchardt, Ulrike and Straube, Sebastian},
year = {2011},
month = {02},
pages = {249-53},
title = {Risks of pregnancy and birth in obese primiparous women: An analysis of German perinatal statistics},
volume = {283},
journal = {Archives of gynecology and obstetrics},
doi = {10.1007/s00404-009-1349-9}
}

@misc{aaron2023explain,
  author = {Aaron Zhu},
  title = {7 Most Asked Questions on K-Means Clustering},
  year = {2022},
  howpublished = {\url{https://towardsdatascience.com/explain-ml-in-a-simple-way-k-means-clustering-e925d019743b}},
  note = {Accessed: February 14, 2024}
}


@article{shetty1994body,
  title={Body mass index. A measure of chronic energy deficiency in adults.},
  author={Shetty, Prakash S and James, William Philip Trehearne},
  year={1994}
}

@phdthesis{phdthesis,
author = {Jeancolas, Laetitia},
year = {2019},
month = {12},
title = {Détection précoce de la maladie de Parkinson par l'analyse de la voix et corrélations avec la neuroimagerie}
}
