@article{student1908probable,
  title={The probable error of a mean},
  author={Student},
  journal={Biometrika},
  volume={6},
  number={1},
  pages={1--25},
  year={1908},
  publisher={Oxford University Press}
}

@article{fisher1925043,
  title={043: Applications of" Student's" Distribution.},
  author={Fisher, Ronald Aylmer and others},
  year={1925}
}

@book{ahsanullah2014normal,
  title={Normal and student's t distributions and their applications},
  author={Ahsanullah, Mohammad and Kibria, BM Golam and Shakil, Mohammad},
  volume={4},
  year={2014},
  publisher={Springer}
}